@String(PAMI  = {IEEE TPAMI})
@String(IJCV  = {IJCV})
@String(CVPR  = {CVPR})
@String(ICCV  = {ICCV})
@String(ECCV  = {ECCV})
@String(NIPS  = {NeurIPS})
@String(ICPR  = {ICPR})
@String(BMVC  =	{BMVC})
@String(TOG   = {ACM TOG})
@String(TIP   = {IEEE TIP})
@String(TVCG  = {IEEE TVCG})
@String(TCSVT = {IEEE TCSVT})
@String(TMM   =	{IEEE TMM})
@String(ACMMM = {ACM MM})
@String(ICME  =	{ICME})
@String(ICASSP=	{ICASSP})
@String(ICIP  = {ICIP})
@String(ACCV  = {ACCV})
@String(ICLR  = {ICLR})
@String(IJCAI = {IJCAI})
@String(PR = {PR})
@String(AAAI = {AAAI})
@String(CVPRW= {CVPRW})
@String(CSVT = {IEEE TCSVT})



@String(PAMI = {IEEE Trans. Pattern Anal. Mach. Intell.})
@String(IJCV = {Int. J. Comput. Vis.})
@String(CVPR= {IEEE Conf. Comput. Vis. Pattern Recog.})
@String(ICCV= {Int. Conf. Comput. Vis.})
@String(ECCV= {Eur. Conf. Comput. Vis.})
@String(NIPS= {Adv. Neural Inform. Process. Syst.})
@String(ICPR = {Int. Conf. Pattern Recog.})
@String(BMVC= {Brit. Mach. Vis. Conf.})
@String(TOG= {ACM Trans. Graph.})
@String(TIP  = {IEEE Trans. Image Process.})
@String(TVCG  = {IEEE Trans. Vis. Comput. Graph.})
@String(TMM  = {IEEE Trans. Multimedia})
@String(ACMMM= {ACM Int. Conf. Multimedia})
@String(ICME = {Int. Conf. Multimedia and Expo})
@String(ICASSP=	{ICASSP})
@String(ICIP = {IEEE Int. Conf. Image Process.})
@String(ACCV  = {ACCV})
@String(ICLR = {Int. Conf. Learn. Represent.})
@String(IJCAI = {IJCAI})
@String(PR   = {Pattern Recognition})
@String(AAAI = {AAAI})
@String(CVPRW= {IEEE Conf. Comput. Vis. Pattern Recog. Worksh.})
@String(CSVT = {IEEE Trans. Circuit Syst. Video Technol.})

@String(SPL	= {IEEE Sign. Process. Letters})
@String(VR   = {Vis. Res.})
@String(JOV	 = {J. Vis.})
@String(TVC  = {The Vis. Comput.})
@String(JCST  = {J. Comput. Sci. Tech.})
@String(CGF  = {Comput. Graph. Forum})
@String(CVM = {Computational Visual Media})

@misc{kingma2017adam,
      title={Adam: A Method for Stochastic Optimization}, 
      author={Diederik P. Kingma and Jimmy Ba},
      year={2017},
      eprint={1412.6980},
      archivePrefix={arXiv},
      primaryClass={cs.LG}
}

@article{hochreiter1997long,
  title={Long short-term memory},
  author={Hochreiter, Sepp and Schmidhuber, J{\"u}rgen},
  journal={Neural computation},
  volume={9},
  number={8},
  pages={1735--1780},
  year={1997},
  publisher={MIT Press}
}

@misc{xiong2020layer,
      title={On Layer Normalization in the Transformer Architecture}, 
      author={Ruibin Xiong and Yunchang Yang and Di He and Kai Zheng and Shuxin Zheng and Chen Xing and Huishuai Zhang and Yanyan Lan and Liwei Wang and Tie-Yan Liu},
      year={2020},
      eprint={2002.04745},
      archivePrefix={arXiv},
      primaryClass={cs.LG}
}

@article{gessulat2019prosit,
  title={Prosit: proteome-wide prediction of peptide tandem mass spectra by deep learning},
  author={Gessulat, Siegfried and Schmidt, Tobias and Zolg, Daniel Paul and Samaras, Patroklos and Schnatbaum, Karsten and Zerweck, Johannes and Knaute, Tobias and Rechenberger, Julia and Delanghe, Bernard and Huhmer, Andreas and others},
  journal={Nature methods},
  volume={16},
  number={6},
  pages={509--518},
  year={2019},
  publisher={Nature Publishing Group}
}

@article{tiwary2019high,
  title={High-quality MS/MS spectrum prediction for data-dependent and data-independent acquisition data analysis},
  author={Tiwary, Shivani and Levy, Roie and Gutenbrunner, Petra and Soto, Favio Salinas and Palaniappan, Krishnan K and Deming, Laura and Berndl, Marc and Brant, Arthur and Cimermancic, Peter and Cox, J{\"u}rgen},
  journal={Nature methods},
  volume={16},
  number={6},
  pages={519--525},
  year={2019},
  publisher={Nature Publishing Group}
}

@article{ma2018improved,
  title={Improved peptide retention time prediction in liquid chromatography through deep learning},
  author={Ma, Chunwei and Ren, Yan and Yang, Jiarui and Ren, Zhe and Yang, Huanming and Liu, Siqi},
  journal={Analytical chemistry},
  volume={90},
  number={18},
  pages={10881--10888},
  year={2018},
  publisher={ACS Publications}
}

@article{maboudi2017uncertainty,
  title={Uncertainty estimation of predictions of peptides’ chromatographic retention times in shotgun proteomics},
  author={Maboudi Afkham, Heydar and Qiu, Xuanbin and The, Matthew and K{\"a}ll, Lukas},
  journal={Bioinformatics},
  volume={33},
  number={4},
  pages={508--513},
  year={2017},
  publisher={Oxford University Press}
}

@article{krizhevsky2017imagenet,
  title={Imagenet classification with deep convolutional neural networks},
  author={Krizhevsky, Alex and Sutskever, Ilya and Hinton, Geoffrey E},
  journal={Communications of the ACM},
  volume={60},
  number={6},
  pages={84--90},
  year={2017},
  publisher={AcM New York, NY, USA}
}

@article{moruz2010training,
  title={Training, selection, and robust calibration of retention time models for targeted proteomics},
  author={Moruz, Luminita and Tomazela, Daniela and Käll, Lukas},
  journal={Journal of proteome research},
  volume={9},
  number={10},
  pages={5209--5216},
  year={2010},
  publisher={ACS Publications}
}

@article{moruz2012chromatographic,
  title={Chromatographic retention time prediction for posttranslationally modified peptides},
  author={Moruz, Luminita and Staes, An and Foster, Joseph M and Hatzou, Maria and Timmerman, Evy and Martens, Lennart and K{\"a}ll, Lukas},
  journal={Proteomics},
  volume={12},
  number={8},
  pages={1151--1159},
  year={2012},
  publisher={Wiley Online Library}
}

@article{guo1986prediction,
  title={Prediction of peptide retention times in reversed-phase high-performance liquid chromatography I. Determination of retention coefficients of amino acid residues of model synthetic peptides},
  author={Guo, Dacheng and Mant, Colin T and Taneja, Ashok K and Parker, JM Robert and Rodges, Robert S},
  journal={Journal of Chromatography A},
  volume={359},
  pages={499--518},
  year={1986},
  publisher={Elsevier}
}

@inproceedings{sabour2017dynamic,
  title={Dynamic routing between capsules},
  author={Sabour, Sara and Frosst, Nicholas and Hinton, Geoffrey E},
  booktitle={Advances in neural information processing systems},
  pages={3856--3866},
  year={2017}
}

@inproceedings{vaswani2017attention,
  title={Attention is all you need},
  author={Vaswani, Ashish and Shazeer, Noam and Parmar, Niki and Uszkoreit, Jakob and Jones, Llion and Gomez, Aidan N and Kaiser, {\L}ukasz and Polosukhin, Illia},
  booktitle={Advances in neural information processing systems},
  pages={5998--6008},
  year={2017}
}

@article{zeng2019ms,
  title={MS/MS spectrum prediction for modified peptides using pDeep2 trained by transfer learning},
  author={Zeng, Wen-Feng and Zhou, Xie-Xuan and Zhou, Wen-Jing and Chi, Hao and Zhan, Jianfeng and He, Si-Min},
  journal={Analytical chemistry},
  volume={91},
  number={15},
  pages={9724--9731},
  year={2019},
  publisher={ACS Publications}
}

@article{zhang2004prediction,
  title={Prediction of low-energy collision-induced dissociation spectra of peptides},
  author={Zhang, Zhongqi},
  journal={Analytical chemistry},
  volume={76},
  number={14},
  pages={3908--3922},
  year={2004},
  publisher={ACS Publications}
}

@article{zhang2005prediction,
  title={Prediction of low-energy collision-induced dissociation spectra of peptides with three or more charges},
  author={Zhang, Zhongqi},
  journal={Analytical chemistry},
  volume={77},
  number={19},
  pages={6364--6373},
  year={2005},
  publisher={ACS Publications}
}

@article{sun2012ms,
  title={MS-simulator: predicting y-ion intensities for peptides with two charges based on the intensity ratio of neighboring ions},
  author={Sun, Shiwei and Yang, Fuquan and Yang, Qing and Zhang, Hong and Wang, Yaojun and Bu, Dongbo and Ma, Bin},
  journal={Journal of proteome research},
  volume={11},
  number={9},
  pages={4509--4516},
  year={2012},
  publisher={ACS Publications}
}

@article{wang2015openms,
  title={OpenMS-Simulator: an open-source software for theoretical tandem mass spectrum prediction},
  author={Wang, Yaojun and Yang, Fei and Wu, Peng and Bu, Dongbo and Sun, Shiwei},
  journal={BMC bioinformatics},
  volume={16},
  number={1},
  pages={110},
  year={2015},
  publisher={Springer}
}

@incollection{arnold2006machine,
  title={A machine learning approach to predicting peptide fragmentation spectra},
  author={Arnold, Randy J and Jayasankar, Narmada and Aggarwal, Divya and Tang, Haixu and Radivojac, Predrag},
  booktitle={Biocomputing 2006},
  pages={219--230},
  year={2006},
  publisher={World Scientific}
}

@article{li2011accuracy,
  title={On the accuracy and limits of peptide fragmentation spectrum prediction},
  author={Li, Sujun and Arnold, Randy J and Tang, Haixu and Radivojac, Predrag},
  journal={Analytical chemistry},
  volume={83},
  number={3},
  pages={790--796},
  year={2011},
  publisher={ACS Publications}
}

@article{frank2009ranking,
  title={A Ranking-Based Scoring Function for Peptide- Spectrum Matches},
  author={Frank, Ari M},
  journal={Journal of proteome research},
  volume={8},
  number={5},
  pages={2241--2252},
  year={2009},
  publisher={ACS Publications}
}

@article{zhou2017pdeep,
  title={pDeep: predicting MS/MS spectra of peptides with deep learning},
  author={Zhou, Xie-Xuan and Zeng, Wen-Feng and Chi, Hao and Luo, Chunjie and Liu, Chao and Zhan, Jianfeng and He, Si-Min and Zhang, Zhifei},
  journal={Analytical chemistry},
  volume={89},
  number={23},
  pages={12690--12697},
  year={2017},
  publisher={ACS Publications}
}
